@Inbook{Elwert2013,
author="Elwert, Felix",
editor="Morgan, Stephen L.",
title="Graphical Causal Models",
bookTitle="Handbook of Causal Analysis for Social Research",
year="2013",
publisher="Springer Netherlands",
address="Dordrecht",
pages="245--273",
isbn="978-94-007-6094-3",
doi="10.1007/978-94-007-6094-3_13",
url="http://dx.doi.org/10.1007/978-94-007-6094-3_13"
}

